<record><leader>00000cas a22000007a 4500</leader><controlfield tag="001">80699312</controlfield><controlfield tag="008">070130c20069999mauwx ne      0   a0eng c</controlfield><controlfield tag="009">467</controlfield><datafield ind1=" " ind2=" " tag="010"><subfield code="a">  2007213417</subfield></datafield><datafield ind1=" " ind2=" " tag="040"><subfield code="a">NSD</subfield><subfield code="b">eng</subfield><subfield code="c">NSD</subfield><subfield code="d">OCLCQ</subfield></datafield><datafield ind1=" " ind2=" " tag="012"><subfield code="l">1</subfield></datafield><datafield ind1="1" ind2=" " tag="022"><subfield code="a">1935-6951</subfield><subfield code="l">1935-6951</subfield><subfield code="2">1</subfield></datafield><datafield ind1="1" ind2=" " tag="029"><subfield code="a">AU@</subfield><subfield code="b">000041244148</subfield></datafield><datafield ind1=" " ind2=" " tag="037"><subfield code="b">The Harvard Press, P.O. Box 284, Harvard, MA 01451</subfield></datafield><datafield ind1=" " ind2=" " tag="042"><subfield code="a">nsdp</subfield><subfield code="a">pcc</subfield></datafield><datafield ind1="1" ind2="0" tag="050"><subfield code="a">ISSN RECORD</subfield></datafield><datafield ind1=" " ind2="4" tag="222"><subfield code="a">The Harvard Press</subfield></datafield><datafield ind1="0" ind2="4" tag="245"><subfield code="a">The Harvard Press</subfield></datafield><datafield ind1=" " ind2=" " tag="260"><subfield code="a">Harvard, MA :</subfield><subfield code="b">The Harvard Press,</subfield><subfield code="c">2006-</subfield></datafield><datafield ind1=" " ind2=" " tag="300"><subfield code="a">v. :</subfield><subfield code="b">ill. ;</subfield><subfield code="c">43 cm.</subfield></datafield><datafield ind1=" " ind2=" " tag="310"><subfield code="a">Forty-seven weeks per year</subfield></datafield><datafield ind1="0" ind2=" " tag="362"><subfield code="a">Vol. 1, no. 1 (Nov. 17, 2006)-</subfield></datafield><datafield ind1=" " ind2=" " tag="500"><subfield code="a">Title from caption.</subfield></datafield><datafield ind1=" " ind2=" " tag="752"><subfield code="a">United States</subfield><subfield code="b">Massachusetts</subfield><subfield code="d">Harvard.</subfield></datafield></record>